2763 4397
226 271 334 402 In
378 335 702 422 recognita
743 333 826 400 ad
866 331 1187 400 edendum
1242 329 1527 402 verfione
1582 330 1783 400 latina
1834 333 2140 400 nonnulla
2181 333 2347 402 mihi

412 440 740 508 observata
783 437 946 518 sunt,
989 463 1134 530 quae
1174 438 1282 506 vel
1315 438 1490 518 addi,
1517 437 1625 505 vel
1653 437 1867 526 paullo
1895 439 2082 507 aliter
2100 437 2349 522 efferri,

415 548 750 614 videretur
788 547 1154 612 convenire.
1236 545 1342 610 Ea
1383 544 1495 610 hic
1538 561 2004 633 proponuntur.

227 675 382 743 pag.
404 657 466 722 2.
493 653 603 719 lin.
629 656 730 717 11.
757 654 870 734 (ab
895 651 1180 718 inferiori
1204 652 1523 739 margine)
1558 651 1895 732 '’soleant”‚
1928 654 2071 741 lege
2096 650 2347 742 solent.

417 761 480 825 6.
521 797 600 840 ς-
623 763 724 826 13.
753 759 1196 827 ”facultatem”
1214 763 1433 843 (error
1452 764 1742 846 typogr.)
1764 758 1889 846 leg.
1896 756 2347 846 facultatum.

380 868 488 934 12.
525 903 602 917 ·-
629 865 732 932 14.
756 855 1088 932 ''motuni’'
1131 863 1273 953 lege
1317 887 1548 932 rerum
1588 875 1654 930 et
1696 863 2113 953 qfficiorum.

769 970 1042 1037 Duobus
1107 970 1467 1052 verficulis,
1536 971 1652 1063 qui
1705 972 1775 1036 in
1830 973 2058 1039 eadem
2113 968 2365 1060 pagina*

774 1078 940 1157 sunt,
985 1077 1169 1158 adde,
1213 1077 1298 1146 ad
1341 1077 1774 1166 integritatem
1830 1076 2150 1144 sententiae
2205 1099 2351 1144 con-

770 1183 1158 1252 ciliandatnz

667 1290 821 1372 Sed,
873 1313 1022 1378 qzzae
1058 1291 1363 1380 jucunde
1396 1290 1604 1380 prior
1642 1283 1869 1380 insons
1892 1288 2139 1381 luserit
2156 1297 2346 1368 oetzw,

797 1399 1024 1462 Mente
1052 1403 1116 1460 et
1133 1398 1553 1488 postremam
1579 1395 1689 1460 his
1722 1395 2116 1461 exhilarare
2136 1396 2343 1460 decet.

374 1502 483 1569 16.
518 1501 868 1583 —11.(ab
908 1500 1024 1566 inf.
1068 1509 1305 1591 marg.)
1347 1503 1515 1570 ”five
1558 1501 2007 1583 amoenitate’',
2049 1501 2176 1590 leg.
2221 1497 2353 1569 five

1335 1606 1552 1696 fori-5,
1601 1633 1730 1674 am.

628 1717 732 1783 12.
819 1750 903 1767 --
984 1753 1069 1767 -
1153 1753 1240 1769 -
1341 1716 1510 1784 ''five
1533 1713 1841 1793 deliciis’',
1872 1713 2001 1798 leg.
2032 1713 2142 1780 vel
2160 1711 2348 1778 delio.

376 1822 483 1887 20.
520 1819 1237 1888 —15.’'severiss'imae”
1308 1818 1435 1906 leg.
1501 1822 1609 1885 vel
1659 1816 2039 1910 Zeng'ffz'moe.
2175 1819 2351 1885 Cum

770 1925 881 1990 illa
934 1947 1094 1992 voce
1154 1924 1362 2010 (apud
1414 1939 1742 1992 auctorem
1803 1929 2122 2011 strengsten)
2172 1924 2351 1994 nulla

768 2031 994 2097 idonea
1039 2030 1162 2095 loci
1206 2028 1513 2096 sententia
1557 2033 1793 2121 prodit.

373 2138 482 2207 22.
520 2175 603 2188 -
664 2143 724 2209 9.
751 2137 858 2221 (ab
887 2137 1000 2202 inf.
1027 2142 1262 2225 marg.)
1307 2136 1512 2204 ”liber
1553 2185 1574 2206 .
1618 2183 1639 2205 .
1681 2184 1700 2204 .
1745 2137 1892 2220 εἷθ’,
1933 2137 2059 2229 leg.
2106 2136 2178 2205 in
2210 2133 2351 2233 sua

750 2240 1031 2334 scilicet
1063 2267 1280 2333 porro
1327 2246 1418 2336 qli
1450 2245 1807 2337 potestate.

624 2352 728 2418 12.
755 2358 826 2431 (a
869 2349 1082 2439 super.
1125 2359 1368 2437 marg.)
1412 2355 1585 2427 ”ea’',
1629 2349 1754 2434 leg.
1802 2348 1984 2437 ipsa.

367 2456 474 2525 36.
514 2490 598 2507 —·
659 2461 724 2519 1.
745 2440 1179 2533 ’'leribentio’²,
1218 2454 1347 2541 leg.
1391 2455 1633 2519 literas
1674 2454 1993 2519 ducenda

627 2561 732 2627 15.
777 2561 885 2640 (ab
929 2559 1044 2625 inf.
1089 2566 1325 2647 marg.)
1367 2558 1789 2627 ”Feriarum”
1821 2573 1944 2626 etc.
1988 2558 2114 2648 leg.
2150 2558 2345 2627 'Aca-

766 2665 1033 2731 demica
1065 2688 1198 2755 per
1244 2664 1478 2755 ferias
1522 2676 1588 2732 et
1635 2677 2058 2733 mercatuum
2079 2665 2348 2757 strepi-

683 2850 688 2858 Ι
766 2784 912 2837 tum
956 2773 1121 2839 otia.

367 2879 473 2944 38.
511 2914 593 2928 —
656 2882 759 2947 ¹7.‘
765 2879 1039 2965 ’semper
1081 2888 1368 2960 caveto²²,
1388 2878 1537 2969 leg.
1564 2878 1816 2967 sedulo
1859 2902 2119 2946 caveas·

626 2985 773 3053 19.’
777 2985 971 3048 'hunc
1013 2984 1174 3071 eleg.
1219 2983 1387 3050 liter.
1433 2984 1771 3064 aanum”,
1830 2982 1956 3075 leg.
2013 2984 2347 3053 immode—

771 3099 1000 3153 ratum
1041 3089 1437 3177 hujusmodi
1476 3090 1841 3156 literarum
1850 3089 2108 3179 usum.

623 3194 729 3264 26.
754 3194 1164 3261 ’'venditare“
1206 3193 1334 3282 leg.
1384 3193 1756 3260 obtrudere.

367 3302 474 3367 40.
511 3338 588 3352 -
611 3304 718 3368 12.
740 3300 848 3382 (ab
904 3299 1022 3365 inf.
1083 3308 1328 3389 marg.)
1388 3299 1787 3369 ”vectatione
1846 3299 2108 3392 aliqua²’
2176 3300 2355 3370 adde·

771 3430 1102 3493 corporw.

365 3511 1012 3579 42—11.’²velim”
1057 3512 1180 3599 leg.
1225 3508 1523 3579 voluerO.

372 3620 484 3687 46.
526 3619 916 3702 antepenult.
963 3622 1386 3705 ”paternum”
1428 3618 1591 3686 adde
1635 3641 1895 3701 meum.

529 3722 1052 3805 Chriitiansandi,
1094 3726 1310 3793 mense
1349 3724 1623 3815 Augusti
1660 3729 1851 3807 1828.

1732 3840 1893 3918 Am
1908 3836 1951 3911 b
1966 3860 2144 3935 erg.
